<collection xmlns="http://www.loc.gov/MARC21/slim">
   <record>
      <leader>03749nam a2200517 i 4500</leader>
      <controlfield tag="001">6622213</controlfield>
      <controlfield tag="003">OCoLC</controlfield>
      <controlfield tag="005">20140624084213.0</controlfield>
      <controlfield tag="006">m     o  d        </controlfield>
      <controlfield tag="007">cr cnu---unuuu</controlfield>
      <controlfield tag="008">131107s2015    enk     ob    000 0 eng d</controlfield>
      <datafield ind1=" " ind2=" " tag="020">
         <subfield code="z">9780702042324</subfield>
      </datafield>
      <datafield ind1=" " ind2=" " tag="020">
         <subfield code="z">0702042323</subfield>
      </datafield>
      <datafield ind1=" " ind2=" " tag="035">
         <subfield code="a">ocn862232393</subfield>
      </datafield>
      <datafield ind1=" " ind2=" " tag="039">
         <subfield code="a">exclude</subfield>
      </datafield>
      <datafield ind1=" " ind2=" " tag="040">
         <subfield code="a">OPELS</subfield>
         <subfield code="b">eng</subfield>
         <subfield code="e">rda</subfield>
         <subfield code="e">pn</subfield>
         <subfield code="c">OPELS</subfield>
         <subfield code="d">OPELS</subfield>
         <subfield code="d">BUF</subfield>
         <subfield code="d">OCLCO</subfield>
         <subfield code="d">PFM</subfield>
         <subfield code="d">OPELS</subfield>
         <subfield code="d">VAM</subfield>
         <subfield code="d">AEU</subfield>
      </datafield>
      <datafield ind1=" " ind2="4" tag="050">
         <subfield code="a">RC78</subfield>
         <subfield code="b">.R33 2015</subfield>
      </datafield>
      <datafield ind1="0" ind2="4" tag="082">
         <subfield code="a">616.0757</subfield>
         <subfield code="2">23</subfield>
      </datafield>
      <datafield ind1=" " ind2=" " tag="090">
         <subfield code="a">Internet Access</subfield>
         <subfield code="b">AEU</subfield>
      </datafield>
      <datafield ind1="1" ind2=" " tag="100">
         <subfield code="a">Raby, Nigel,</subfield>
         <subfield code="e">author.</subfield>
         <subfield code="0">http://id.loc.gov/authorities/names/nb2005000837</subfield>
         <subfield code="0">http://viaf.org/viaf/50356883</subfield>
      </datafield>
      <datafield ind1="1" ind2="0" tag="245">
         <subfield code="a">Accident &amp; emergency radiology :</subfield>
         <subfield code="b">a survival guide.</subfield>
      </datafield>
      <datafield ind1="3" ind2=" " tag="246">
         <subfield code="a">Accident and emergency radiology.</subfield>
      </datafield>
      <datafield ind1=" " ind2=" " tag="250">
         <subfield code="a">Third edition</subfield>
      </datafield>
      <datafield ind1=" " ind2="1" tag="264">
         <subfield code="a">Edinburgh :</subfield>
         <subfield code="b">Saunders,</subfield>
         <subfield code="c">2015.</subfield>
      </datafield>
      <datafield ind1=" " ind2=" " tag="300">
         <subfield code="a">1 online resource.</subfield>
      </datafield>
      <datafield ind1=" " ind2=" " tag="336">
         <subfield code="a">text</subfield>
         <subfield code="b">txt</subfield>
         <subfield code="2">rdacontent</subfield>
         <subfield code="0">http://id.loc.gov/vocabulary/contentTypes/txt</subfield>
      </datafield>
      <datafield ind1=" " ind2=" " tag="337">
         <subfield code="a">computer</subfield>
         <subfield code="b">c</subfield>
         <subfield code="2">rdamedia</subfield>
         <subfield code="0">http://id.loc.gov/vocabulary/mediaTypes/c</subfield>
      </datafield>
      <datafield ind1=" " ind2=" " tag="338">
         <subfield code="a">online resource</subfield>
         <subfield code="b">cr</subfield>
         <subfield code="2">rdacarrier</subfield>
         <subfield code="0">http://id.loc.gov/vocabulary/carriers/cr</subfield>
      </datafield>
      <datafield ind1=" " ind2=" " tag="504">
         <subfield code="a">Includes bibliographical references.</subfield>
      </datafield>
      <datafield ind1="0" ind2=" " tag="505">
         <subfield code="a">Key principles -- Particular paediatric points -- Paediatric skull-suspected NAI -- Adult skull -- Face -- Shoulder -- Paediatric elbow -- Adult elbow -- Wrist &amp; distal forearm -- Hand &amp; fingers -- Cervical spine -- Thoracic &amp; lumbar spine -- Pelvis -- Hip &amp; proximal femur -- Knee -- Ankle &amp; hindfoot -- Midfoot &amp; forefoot -- Chest -- Abdominal pain &amp; abdominal trauma -- Penetrating foreign bodies -- Swallowed foreign bodies -- Test yourself -- Test Yourself-answers.</subfield>
      </datafield>
      <datafield ind1=" " ind2=" " tag="506">
         <subfield code="a">Access restricted to authorized users and institutions.</subfield>
      </datafield>
      <datafield ind1=" " ind2=" " tag="520">
         <subfield code="a">Since it was first published, Accident and Emergency Radiology: A Survival Guide has become the classic in-my-pocket-reference and an indispensable aid to all those who work in the Emergency Department. The core and substantial value lies in the step-by-step analytical approaches which help you to answer this question: "These images look normal to me, but . . . how can I be sure that I am not missing a subtle but important abnormality?" Ensure accuracy in reading and interpretation of any given image. Common sources of error and diagnostic difficulty are highlighted. Prevent mistakes. Pitfalls and associated abnormalities are emphasized throughout. Avoid misdiagnoses. Normal anatomy is outlined alongside schemes for detecting variants of the norm. Each chapter concludes with a summary of key points. Will provide a useful overview of the most important features in diagnosis and interpretation.Easily grasp difficult anatomical concepts. Radiographs accompanied by clear, explanatory line-drawings.</subfield>
      </datafield>
      <datafield ind1=" " ind2=" " tag="588">
         <subfield code="a">Description based on electronic resource; title from Front Matter page (ClinicalKey website, viewed June 5, 2014).</subfield>
      </datafield>
      <datafield ind1=" " ind2=" " tag="596">
         <subfield code="a">44</subfield>
      </datafield>
      <datafield ind1=" " ind2="0" tag="650">
         <subfield code="a">Radiology, Medical.</subfield>
      </datafield>
      <datafield ind1=" " ind2="0" tag="650">
         <subfield code="a">Emergency medicine.</subfield>
         <subfield code="0">http://id.loc.gov/authorities/subjects/sh85042755</subfield>
      </datafield>
      <datafield ind1=" " ind2="0" tag="650">
         <subfield code="a">Diagnosis, Radioscopic</subfield>
         <subfield code="v">Handbooks, manuals, etc.</subfield>
      </datafield>
      <datafield ind1=" " ind2="0" tag="650">
         <subfield code="a">Medical emergencies</subfield>
         <subfield code="v">Handbooks, manuals, etc.</subfield>
         <subfield code="0">http://id.loc.gov/authorities/subjects/sh2008107629</subfield>
      </datafield>
      <datafield ind1=" " ind2="2" tag="650">
         <subfield code="a">Diagnostic Imaging</subfield>
         <subfield code="v">Handbooks.</subfield>
      </datafield>
      <datafield ind1=" " ind2="2" tag="650">
         <subfield code="a">Emergencies</subfield>
         <subfield code="v">Handbooks.</subfield>
      </datafield>
      <datafield ind1=" " ind2="2" tag="650">
         <subfield code="a">Radiography</subfield>
         <subfield code="v">Handbooks.</subfield>
      </datafield>
      <datafield ind1=" " ind2=" " tag="758">
         <subfield code="0">http://worldcat.org/entity/work/id/3374760275</subfield>
      </datafield>
      <datafield ind1="0" ind2=" " tag="787">
         <subfield code="n">OCLC Work Id</subfield>
         <subfield code="o">http://worldcat.org/entity/work/id/3374760275</subfield>
      </datafield>
      <datafield ind1="4" ind2="0" tag="856">
         <subfield code="3">University of Alberta Access</subfield>
         <subfield code="u">https://www.clinicalkey.com/dura/browse/bookChapter/3-s2.0-C20090502590</subfield>
         <subfield code="z">(Unlimited Concurrent Users)</subfield>
      </datafield>
      <datafield ind1=" " ind2=" " tag="949">
         <subfield code="h">UAIN</subfield>
         <subfield code="z">CKEY</subfield>
      </datafield>
      <datafield ind1=" " ind2=" " tag="926">
         <subfield code="a">Internet Access</subfield>
         <subfield code="w">LC</subfield>
         <subfield code="c">1</subfield>
         <subfield code="i">6622213-1001</subfield>
         <subfield code="l">INTERNET</subfield>
         <subfield code="m">UAINTERNET</subfield>
         <subfield code="r">Y</subfield>
         <subfield code="s">Y</subfield>
         <subfield code="t">E-RESOURCE</subfield>
         <subfield code="u">6/26/2014</subfield>
         <subfield code="x">E-BOOK</subfield>
         <subfield code="z">CKEY</subfield>
      </datafield>
   </record>
</collection>
